@book{anderson2006hypersonic, title={Hypersonic and High-Temperature Gas Dynamics}, author={Anderson, John D.}, edition={2}, year={2006}, publisher={AIAA}}
@book{white2011viscous, title={Viscous Fluid Flow}, author={White, Frank M.}, edition={3}, year={2011}, publisher={McGraw-Hill}}
@book{schlichting2016boundary, title={Boundary-Layer Theory}, author={Schlichting, Hermann and Gersten, Klaus}, edition={9}, year={2016}, publisher={Springer}}
@book{macleod2010thinfilm, title={Thin-Film Optical Filters}, author={Macleod, H. Angus}, edition={4}, year={2010}, publisher={CRC Press}}
